@online{enwiki:1016909335,
    author = "{Wikipedia contributors}",
    title = "Inflection --- {Wikipedia}{,} The Free Encyclopedia",
    year = "2021",
    howpublished = "\url{https://en.wikipedia.org/w/index.php?title=Inflection&oldid=1016909335}",
    note = "[Online; accessed 1-May-2021]"
  }
 
 @MISC{Anu:2013,
author = {Aggarwal, Anupama},
title = {This is how you cite a website in latex},
month = may,
year = {2013},
howpublished={\url{http://precog.iiitd.edu.in/people/anupama}}
}